@IEEEtranBSTCTL{IEEEexample:BSTcontrol,
    CTLuse_article_number = "yes",
    CTLuse_paper = "yes",
    CTLuse_forced_etal = "no",
    CTLmax_names_forced_etal = "50",
    CTLnames_show_etal = "50",
    CTLuse_alt_spacing = "yes",
    CTLalt_stretch_factor = "4",
    CTLdash_repeated_names = "yes",
    CTLname_format_string = "{f.~}{vv~}{ll}{, jj}",
    CTLname_latex_cmd = "",
    CTLname_url_prefix = "[Online]. Available:"
 }
 
 
 
 
 @article{devarajan1981hotelling,
  title={Hotelling's" economics of exhaustible resources": Fifty years later},
  author={Devarajan, Shantayanan and Fisher, Anthony C},
  journal={Journal of Economic Literature},
  volume={19},
  number={1},
  pages={65--73},
  year={1981},
  publisher={JSTOR}
}